<record><leader>00000cas a22000007a 4500</leader><controlfield tag="001">23108568</controlfield><controlfield tag="008">910215d193619uucoudr ne      0    0eng d</controlfield><datafield ind1=" " ind2=" " tag="010"><subfield code="a">sn 91052100 </subfield></datafield><datafield ind1=" " ind2=" " tag="040"><subfield code="a">CNQ</subfield><subfield code="b">eng</subfield><subfield code="c">CNQ</subfield><subfield code="d">OCLCQ</subfield></datafield><datafield ind1=" " ind2=" " tag="042"><subfield code="a">msc</subfield></datafield><datafield ind1="0" ind2=" " tag="130"><subfield code="a">Glenwood daily post (Glenwood Springs, Colo. : 1936)</subfield></datafield><datafield ind1="1" ind2="4" tag="245"><subfield code="a">The Glenwood daily post.</subfield></datafield><datafield ind1="3" ind2="0" tag="246"><subfield code="a">Daily post</subfield></datafield><datafield ind1=" " ind2=" " tag="260"><subfield code="a">Glenwood Springs, Colo. :</subfield><subfield code="b">[s.n.]</subfield></datafield><datafield ind1=" " ind2=" " tag="300"><subfield code="a">v.</subfield></datafield><datafield ind1=" " ind2=" " tag="310"><subfield code="a">Daily</subfield></datafield><datafield ind1="0" ind2=" " tag="362"><subfield code="a">Vol. 6, no. 191 (Sept. 17, 1936)-</subfield></datafield><datafield ind1=" " ind2=" " tag="500"><subfield code="a">Sometimes published as: Daily post, 1936.</subfield></datafield><datafield ind1=" " ind2=" " tag="580"><subfield code="a">Weekly ed.: Glenwood post (Glenwood Springs, Colo. : 1897).</subfield></datafield><datafield ind1=" " ind2=" " tag="752"><subfield code="a">United States</subfield><subfield code="b">Colorado</subfield><subfield code="c">Garfield</subfield><subfield code="d">Glenwood Springs.</subfield></datafield><datafield ind1="1" ind2=" " tag="775"><subfield code="t">Glenwood post (Glenwood Springs, Colo. : 1897)</subfield><subfield code="w">(DLC)sn 91052064</subfield></datafield><datafield ind1="0" ind2="0" tag="780"><subfield code="t">Daily post reminder</subfield><subfield code="w">(DLC)sn 90051736</subfield></datafield></record>